<record><leader>00000cas a2200000 a 4500</leader><controlfield tag="001">11180570</controlfield><controlfield tag="008">840921d19441964ksudr ne      0   a0eng d</controlfield><controlfield tag="009">3789</controlfield><datafield ind1=" " ind2=" " tag="010"><subfield code="a">sn 84029600 </subfield></datafield><datafield ind1=" " ind2=" " tag="040"><subfield code="a">KSH</subfield><subfield code="b">eng</subfield><subfield code="c">KSH</subfield><subfield code="d">NPT</subfield><subfield code="d">OCL</subfield></datafield><datafield ind1=" " ind2=" " tag="042"><subfield code="a">msc</subfield></datafield><datafield ind1="0" ind2="4" tag="245"><subfield code="a">The Lawrence outlook.</subfield></datafield><datafield ind1=" " ind2=" " tag="260"><subfield code="a">Lawrence, Kan. :</subfield><subfield code="b">Edwin F. Abels,</subfield><subfield code="c">1944-1964.</subfield></datafield><datafield ind1=" " ind2=" " tag="300"><subfield code="a">20 v. :</subfield><subfield code="b">ill. ;</subfield><subfield code="c">43-58 cm.</subfield></datafield><datafield ind1=" " ind2=" " tag="310"><subfield code="a">Weekly</subfield></datafield><datafield ind1="0" ind2=" " tag="362"><subfield code="a">Vol. 18, no. 45 (Jan. 6, 1944)-v. 38, no. 17 (June 25, 1964) ; 38th yr., no. 11 (July 2, 1964)-38th yr., no. 22 (Oct. 8, 1964).</subfield></datafield><datafield ind1=" " ind2=" " tag="500"><subfield code="a">Publisher varies.</subfield></datafield><datafield ind1=" " ind2=" " tag="515"><subfield code="a">Issues for July 2-Oct. 8, 1964 numbered irregularly.</subfield></datafield><datafield ind1=" " ind2=" " tag="752"><subfield code="a">United States</subfield><subfield code="b">Kansas</subfield><subfield code="c">Douglas</subfield><subfield code="d">Lawrence.</subfield></datafield><datafield ind1="0" ind2="0" tag="780"><subfield code="t">Outlook (Lawrence, Kan.)</subfield><subfield code="w">(DLC)sn 84029573</subfield></datafield><datafield ind1="0" ind2="5" tag="780"><subfield code="t">Eudora news (Eudora, Kan. : 1944)</subfield><subfield code="g">May 22, 1958</subfield><subfield code="w">(DLC)sn 84029553</subfield></datafield><datafield ind1="0" ind2="7" tag="785"><subfield code="t">Jefferson County mirror-times</subfield><subfield code="w">(DLC)sn 85029112</subfield></datafield><datafield ind1="0" ind2="7" tag="785"><subfield code="t">Lawrence outlook and the Jefferson County mirror-times</subfield><subfield code="w">(DLC)sn 84029574</subfield></datafield></record>